<marc:record xmlns:marc="http://www.loc.gov/MARC21/slim" xmlns:xsi="http://www.w3.org/2001/XMLSchema-instance" xsi:schemaLocation="http://www.loc.gov/MARC21/slim http://www.loc.gov/standards/marcxml/schema/MARC21slim.xsd">
  <marc:leader>     nam a2200241 a 4500</marc:leader>
  <marc:controlfield tag="001">001680246</marc:controlfield>
  <marc:controlfield tag="003">NNU</marc:controlfield>
  <marc:controlfield tag="005">19970224174522.4</marc:controlfield>
  <marc:controlfield tag="008">910610m19619999iq            000 0 ara d</marc:controlfield>
  <marc:datafield tag="035" ind1="9" ind2=" ">
    <marc:subfield code="a">NYUb12223649</marc:subfield>
  </marc:datafield>
  <marc:datafield tag="035" ind1=" " ind2=" ">
    <marc:subfield code="a">(MH)MHBHY49028HU</marc:subfield>
  </marc:datafield>
  <marc:datafield tag="035" ind1=" " ind2=" ">
    <marc:subfield code="a">(OCoLC)24964695</marc:subfield>
  </marc:datafield>
  <marc:datafield tag="035" ind1=" " ind2=" ">
    <marc:subfield code="a">(CStRLIN)MAHGBHY49028-B</marc:subfield>
  </marc:datafield>
  <marc:datafield tag="040" ind1=" " ind2=" ">
    <marc:subfield code="a">NjP</marc:subfield>
    <marc:subfield code="c">NjP</marc:subfield>
    <marc:subfield code="d">MH</marc:subfield>
    <marc:subfield code="d">CStRLIN</marc:subfield>
  </marc:datafield>
  <marc:datafield tag="245" ind1="0" ind2="0">
    <marc:subfield code="a">Maqālāt mukhtārah.</marc:subfield>
  </marc:datafield>
  <marc:datafield tag="246" ind1="3" ind2=" ">
    <marc:subfield code="a">Selected essays</marc:subfield>
  </marc:datafield>
  <marc:datafield tag="260" ind1=" " ind2=" ">
    <marc:subfield code="a">Baghdād :</marc:subfield>
    <marc:subfield code="b">Ittiḥād al-Udabāʼ al-ʻIrāqīyīn,</marc:subfield>
    <marc:subfield code="c">1961-</marc:subfield>
  </marc:datafield>
  <marc:datafield tag="300" ind1=" " ind2=" ">
    <marc:subfield code="a">v. ;</marc:subfield>
    <marc:subfield code="c">22 cm.</marc:subfield>
  </marc:datafield>
  <marc:datafield tag="500" ind1=" " ind2=" ">
    <marc:subfield code="a">Cover title: Selected essays.</marc:subfield>
  </marc:datafield>
  <marc:datafield tag="650" ind1=" " ind2="0">
    <marc:subfield code="a">Arabic essays.</marc:subfield>
  </marc:datafield>
  <marc:datafield tag="710" ind1="2" ind2=" ">
    <marc:subfield code="a">Ittiḥād al-Udabāʼ al-ʻIrāqīyīn.</marc:subfield>
  </marc:datafield>
  <marc:datafield tag="950" ind1=" " ind2=" ">
    <marc:subfield code="l">BMAIN</marc:subfield>
    <marc:subfield code="a">PJ7671</marc:subfield>
    <marc:subfield code="b">.I8</marc:subfield>
  </marc:datafield>
  <marc:datafield tag="955" ind1=" " ind2=" ">
    <marc:subfield code="l">BMAIN</marc:subfield>
    <marc:subfield code="c">1:v.1</marc:subfield>
    <marc:subfield code="r">028864075</marc:subfield>
  </marc:datafield>
  <marc:datafield tag="998" ind1=" " ind2=" ">
    <marc:subfield code="s">9115</marc:subfield>
  </marc:datafield>
</marc:record>
